@article{rumelhart1986learning,
  title   = {Learning representations by back-propagating errors},
  author  = {Rumelhart, David E. and Hinton, Geoffrey E. and Williams, Ronald J.},
  journal = {Nature},
  volume  = {323},
  number  = {6088},
  pages   = {533--536},
  year    = {1986},
  doi     = {10.1038/323533a0}
}

@incollection{bottou2012sgdtricks,
  author    = {Bottou, L\'eon},
  title     = {Stochastic Gradient Descent Tricks},
  booktitle = {Neural Networks: Tricks of the Trade},
  editor    = {Orr, Genevieve B. and M{\"u}ller, Klaus-Robert},
  series    = {Lecture Notes in Computer Science},
  volume    = {7700},
  pages     = {421--436},
  publisher = {Springer},
  year      = {2012},
  doi       = {10.1007/978-3-642-35289-8_25}
}

@article{lecun1998gradient,
  title   = {Gradient-based learning applied to document recognition},
  author  = {LeCun, Yann and Bottou, L\'eon and Bengio, Yoshua and Haffner, Patrick},
  journal = {Proceedings of the IEEE},
  volume  = {86},
  number  = {11},
  pages   = {2278--2324},
  year    = {1998},
  doi     = {10.1109/5.726791}
}

@article{qian1999momentum,
  title   = {On the momentum term in gradient descent learning algorithms},
  author  = {Qian, Ning},
  journal = {Neural Networks},
  volume  = {12},
  number  = {1},
  pages   = {145--151},
  year    = {1999},
  doi     = {10.1016/S0893-6080(98)00116-6}
}

@inproceedings{sutskever2013importance,
  title     = {On the importance of initialization and momentum in deep learning},
  author    = {Sutskever, Ilya and Martens, James and Dahl, George and Hinton, Geoffrey},
  booktitle = {Proceedings of the 30th International Conference on Machine Learning},
  pages     = {1139--1147},
  year      = {2013},
  publisher = {PMLR}
}

@inproceedings{smith2017cyclical,
  title     = {Cyclical learning rates for training neural networks},
  author    = {Smith, Leslie N.},
  booktitle = {Proceedings of the IEEE Conference on Computer Vision and Pattern Recognition Workshops},
  pages     = {464--472},
  year      = {2017}
}

@article{duchi2011adagrad,
  title   = {Adaptive subgradient methods for online learning and stochastic optimization},
  author  = {Duchi, John and Hazan, Elad and Singer, Yoram},
  journal = {Journal of Machine Learning Research},
  volume  = {12},
  pages   = {2121--2159},
  year    = {2011}
}

@article{zeiler2012adadelta,
  title   = {ADADELTA: An adaptive learning rate method},
  author  = {Zeiler, Matthew D.},
  journal = {arXiv preprint arXiv:1212.5701},
  year    = {2012}
}

@article{kingma2014adam,
  title   = {Adam: A Method for Stochastic Optimization},
  author  = {Kingma, Diederik P. and Ba, Jimmy},
  journal = {arXiv preprint arXiv:1412.6980},
  year    = {2014}
}

@inproceedings{reddi2018convergence,
  title     = {On the convergence of Adam and beyond},
  author    = {Reddi, Sashank J. and Kale, Satyen and Kumar, Sanjiv},
  booktitle = {International Conference on Learning Representations},
  year      = {2018}
}

@inproceedings{wilson2017marginal,
  title     = {The marginal value of adaptive gradient methods in machine learning},
  author    = {Wilson, Ashia C. and Roelofs, Rebecca and Stern, Mitchell and Srebro, Nathan and Recht, Benjamin},
  booktitle = {Advances in Neural Information Processing Systems},
  volume    = {30},
  pages     = {4148--4158},
  year      = {2017}
}

@inproceedings{bottou2008tradeoffs,
  title     = {The tradeoffs of large scale learning},
  author    = {Bottou, L\'eon and Bousquet, Olivier},
  booktitle = {Advances in Neural Information Processing Systems 20 (NIPS 2007)},
  pages     = {161--168},
  year      = {2008},
  publisher = {NIPS Foundation}
}

@inproceedings{glorot2010understanding,
  title     = {Understanding the difficulty of training deep feedforward neural networks},
  author    = {Glorot, Xavier and Bengio, Yoshua},
  booktitle = {Proceedings of the Thirteenth International Conference on Artificial Intelligence and Statistics},
  series    = {Proceedings of Machine Learning Research},
  volume    = {9},
  pages     = {249--256},
  year      = {2010},
  publisher = {PMLR}
}

@book{goodfellow2016deep,
  title     = {Deep Learning},
  author    = {Goodfellow, Ian J. and Bengio, Yoshua and Courville, Aaron},
  publisher = {MIT Press},
  address   = {Cambridge, MA},
  year      = {2016},
  url       = {https://www.deeplearningbook.org}
}

@article{robbins1951stochastic,
  title   = {A Stochastic Approximation Method},
  author  = {Robbins, Herbert and Monro, Sutton},
  journal = {Annals of Mathematical Statistics},
  volume  = {22},
  number  = {3},
  pages   = {400--407},
  year    = {1951},
  doi     = {10.1214/aoms/1177729586}
}

@inproceedings{keskar2017large,
  title     = {On Large-Batch Training for Deep Learning: Generalization Gap and Sharp Minima},
  author    = {Keskar, Nitish S. and Mudigere, Dheevatsa and Nocedal, Jorge and Smelyanskiy, Mikhail and Tang, Ping},
  booktitle = {International Conference on Learning Representations},
  year      = {2017},
  note      = {Available at \url{https://openreview.net/forum?id=H1oyRlYgg}}
}

@inproceedings{loshchilov2019adamw,
  title     = {Decoupled Weight Decay Regularization},
  author    = {Loshchilov, Ilya and Hutter, Frank},
  booktitle = {International Conference on Learning Representations},
  year      = {2019},
  note      = {Available at \url{https://openreview.net/forum?id=Bkg6RiCqY7}}
}

@misc{mandt2017stochastic,
      title={Stochastic Gradient Descent as Approximate Bayesian Inference}, 
      author={Stephan Mandt and Matthew D. Hoffman and David M. Blei},
      year={2018},
      eprint={1704.04289},
      archivePrefix={arXiv},
      primaryClass={stat.ML},
      url={https://arxiv.org/abs/1704.04289}, 
}